@book{investmentscience,
	title        = {Investment science},
	author       = {Luenberger, David G and others},
	year         = 1997,
	journal      = {OUP Catalogue},
	publisher    = {Oxford university press}
}
@article{Zhang_2020,
	title        = {Deep Learning for Portfolio Optimization},
	author       = {Zhang, Zihao and Zohren, Stefan and Roberts, Stephen},
	year         = 2020,
	month        = {Aug},
	journal      = {The Journal of Financial Data Science},
	publisher    = {Pageant Media US},
	volume       = 2,
	number       = 4,
	pages        = {8–20},
	doi          = {10.3905/jfds.2020.1.042},
	issn         = {2640-3943},
	url          = {http://dx.doi.org/10.3905/jfds.2020.1.042}
}
@article{moody2001learning,
	title        = {Learning to trade via direct reinforcement},
	author       = {Moody, John and Saffell, Matthew},
	year         = 2001,
	journal      = {IEEE transactions on neural Networks},
	publisher    = {IEEE},
	volume       = 12,
	number       = 4,
	pages        = {875--889}
}
@article{moody1998performance,
	title        = {Performance functions and reinforcement learning for trading systems and portfolios},
	author       = {Moody, John and Wu, Lizhong and Liao, Yuansong and Saffell, Matthew},
	year         = 1998,
	journal      = {Journal of Forecasting},
	publisher    = {Wiley Online Library},
	volume       = 17,
	number       = {5-6},
	pages        = {441--470}
}
@misc{zhang2019deep,
	title        = {Deep Reinforcement Learning for Trading},
	author       = {Zihao Zhang and Stefan Zohren and Stephen Roberts},
	year         = 2019,
	eprint       = {1911.10107},
	archiveprefix = {arXiv},
	primaryclass = {q-fin.CP}
}
@article{rom1994post,
	title        = {Post-modern portfolio theory comes of age},
	author       = {Rom, Brian M and Ferguson, Kathleen W},
	year         = 1994,
	journal      = {Journal of Investing},
	volume       = 3,
	number       = 3,
	pages        = {11--17}
}
@article{PFLUG2012410,
	title        = {The 1/N investment strategy is optimal under high model ambiguity},
	author       = {Georg Ch. Pflug and Alois Pichler and David Wozabal},
	year         = 2012,
	journal      = {Journal of Banking and Finance},
	volume       = 36,
	number       = 2,
	pages        = {410--417},
	doi          = {https://doi.org/10.1016/j.jbankfin.2011.07.018},
	issn         = {0378-4266}
}
@article{duchin2009markowitz,
	title        = {Markowitz versus the Talmudic portfolio diversification strategies},
	author       = {Duchin, Ran and Levy, Haim},
	year         = 2009,
	journal      = {The Journal of Portfolio Management},
	publisher    = {Institutional Investor Journals Umbrella},
	volume       = 35,
	number       = 2,
	pages        = {71--74}
}
@article{demiguel2009,
	title        = {Optimal Versus Naive Diversification: How Inefficient is the 1/N Portfolio Strategy?},
	author       = {Demiguel, Victor and Garlappi, Lorenzo and Uppal, Raman},
	year         = 2009,
	month        = {05},
	journal      = {Review of Financial Studies},
	volume       = 22,
	pages        = {},
	doi          = {10.1093/rfs/hhm075},
	isbn         = 9780199744282
}
@online{fuertes2017,
	title        = {Portfolio risk control: risk parity vs. inverse volatility},
	author       = {T. Fuertes},
	year         = 2017,
	url          = {https://quantdare.com/risk-parity-versus-inverse-volatility/},
	urldate      = {2021-08-11}
}
@online{fortmann2012,
	title        = {Understanding the Bias-Variance Tradeoff},
	author       = {Scott Fortmann},
	year         = 2012,
	url          = {http://scott.fortmann-roe.com/docs/BiasVariance.html},
	urldate      = {2021-08-25}
}
@article{Martin2021,
	title        = {PyPortfolioOpt: portfolio optimization in Python},
	author       = {Robert Andrew Martin},
	year         = 2021,
	journal      = {Journal of Open Source Software},
	publisher    = {The Open Journal},
	volume       = 6,
	number       = 61,
	pages        = 3066,
	doi          = {10.21105/joss.03066},
	url          = {https://doi.org/10.21105/joss.03066}
}
@article{teiletche2008,
	title        = {On the Properties of Equally-Weighted Risk Contributions Portfolios},
	author       = {Teiletche, Jerome and Roncalli, Thierry and Maillard, Sébastien},
	year         = 2008,
	month        = {09},
	journal      = {SSRN Electronic Journal},
	pages        = {},
	doi          = {10.2139/ssrn.1271972}
}
@book{wilder1978new,
	title        = {New concepts in technical trading systems},
	author       = {Wilder, J Welles},
	year         = 1978,
	publisher    = {Trend Research}
}
@article{schwert1989does,
	title        = {Why does stock market volatility change over time?},
	author       = {Schwert, G William},
	year         = 1989,
	journal      = {The journal of finance},
	publisher    = {Wiley Online Library},
	volume       = 44,
	number       = 5,
	pages        = {1115--1153}
}
@article{gallant1992stock,
	title        = {Stock prices and volume},
	author       = {Gallant, A Ronald and Rossi, Peter E and Tauchen, George},
	year         = 1992,
	journal      = {The Review of Financial Studies},
	publisher    = {Oxford University Press},
	volume       = 5,
	number       = 2,
	pages        = {199--242}
}
@article{FLANAGAN20161689,
	title        = {Irreversibility of financial time series: A graph-theoretical approach},
	author       = {Ryan Flanagan and Lucas Lacasa},
	year         = 2016,
	journal      = {Physics Letters A},
	volume       = 380,
	number       = 20,
	pages        = {1689--1697},
	doi          = {https://doi.org/10.1016/j.physleta.2016.03.011},
	issn         = {0375-9601},
	url          = {https://www.sciencedirect.com/science/article/pii/S0375960116002401},
	keywords     = {Visibility graphs, Time series irreversibility}
}
@article{ramsey1996time,
	title        = {Time irreversibility and business cycle asymmetry},
	author       = {Ramsey, James B and Rothman, Philip},
	year         = 1996,
	journal      = {Journal of Money, Credit and Banking},
	publisher    = {JSTOR},
	volume       = 28,
	number       = 1,
	pages        = {1--21}
}
@misc{tensorflow2015-whitepaper,
	title        = {{TensorFlow}: Large-Scale Machine Learning on Heterogeneous Systems},
	author       = {Mart\'{\i}n~Abadi and Ashish~Agarwal and Paul~Barham and Eugene~Brevdo and Zhifeng~Chen and Craig~Citro and Greg~S.~Corrado and Andy~Davis and Jeffrey~Dean and Matthieu~Devin and Sanjay~Ghemawat and Ian~Goodfellow and Andrew~Harp and Geoffrey~Irving and Michael~Isard and Yangqing Jia and Rafal~Jozefowicz and Lukasz~Kaiser and Manjunath~Kudlur and Josh~Levenberg and Dandelion~Man\'{e} and Rajat~Monga and Sherry~Moore and Derek~Murray and Chris~Olah and Mike~Schuster and Jonathon~Shlens and Benoit~Steiner and Ilya~Sutskever and Kunal~Talwar and Paul~Tucker and Vincent~Vanhoucke and Vijay~Vasudevan and Fernanda~Vi\'{e}gas and Oriol~Vinyals and Pete~Warden and Martin~Wattenberg and Martin~Wicke and Yuan~Yu and Xiaoqiang~Zheng},
	year         = 2015,
	url          = {https://www.tensorflow.org/},
	note         = {Software available from tensorflow.org}
}
@conference{Kluyver2016jupyter,
	title        = {Jupyter Notebooks -- a publishing format for reproducible computational workflows},
	author       = {Thomas Kluyver and Benjamin Ragan-Kelley and Fernando P{\'e}rez and Brian Granger and Matthias Bussonnier and Jonathan Frederic and Kyle Kelley and Jessica Hamrick and Jason Grout and Sylvain Corlay and Paul Ivanov and Dami{\'a}n Avila and Safia Abdalla and Carol Willing},
	year         = 2016,
	booktitle    = {Positioning and Power in Academic Publishing: Players, Agents and Agendas},
	pages        = {87--90},
	editor       = {F. Loizides and B. Schmidt},
	organization = {IOS Press}
}
@misc{lea2016temporal,
	title        = {Temporal Convolutional Networks for Action Segmentation and Detection},
	author       = {Colin Lea and Michael D. Flynn and Rene Vidal and Austin Reiter and Gregory D. Hager},
	year         = 2016,
	eprint       = {1611.05267},
	archiveprefix = {arXiv},
	primaryclass = {cs.CV}
}
@misc{vaswani2017attention,
	title        = {Attention Is All You Need},
	author       = {Ashish Vaswani and Noam Shazeer and Niki Parmar and Jakob Uszkoreit and Llion Jones and Aidan N. Gomez and Lukasz Kaiser and Illia Polosukhin},
	year         = 2017,
	eprint       = {1706.03762},
	archiveprefix = {arXiv},
	primaryclass = {cs.CL}
}
@misc{salti_cv,
	title        = {Machine Learning for Computer vision},
	author       = {Samuele Salti},
	year         = 2020,
	howpublished = {Course at University of Bologna}
}
@article{fama1970,
	title        = {Efficient Capital Markets: A Review of Theory and Empirical Work},
	author       = {Eugene F. Fama},
	year         = 1970,
	journal      = {The Journal of Finance},
	publisher    = {[American Finance Association, Wiley]},
	volume       = 25,
	number       = 2,
	pages        = {383--417},
	issn         = {00221082, 15406261},
	url          = {http://www.jstor.org/stable/2325486}
}
@article{kumar2016,
	title        = {Proximal support vector machine based hybrid prediction models for trend forecasting in financial markets},
	author       = {Kumar, Deepak and Meghwani, Suraj and Thakur, Manoj},
	year         = 2016,
	month        = {07},
	journal      = {Journal of Computational Science},
	volume       = 17,
	pages        = {},
	doi          = {10.1016/j.jocs.2016.07.006}
}
@book{cornuejols2006optimization,
	title        = {Optimization methods in finance},
	author       = {Cornuejols, Gerard and T{\"u}t{\"u}nc{\"u}, Reha},
	year         = 2006,
	publisher    = {Cambridge University Press},
	volume       = 5
}
@article{chakravorty2018deep,
	title        = {Deep learning for global tactical asset allocation},
	author       = {Chakravorty, Gaurav and Awasthi, Ankit and Da Silva, Brandon},
	year         = 2018,
	journal      = {Available at SSRN 3242432}
}
@article{malandri2018public,
	title        = {Public mood--driven asset allocation: The importance of financial sentiment in portfolio management},
	author       = {Malandri, Lorenzo and Xing, Frank Z and Orsenigo, Carlotta and Vercellis, Carlo and Cambria, Erik},
	year         = 2018,
	journal      = {Cognitive Computation},
	publisher    = {Springer},
	volume       = 10,
	number       = 6,
	pages        = {1167--1176}
}
@article{snow2020machine,
	title        = {Machine learning in asset management—part 2: Portfolio construction—weight optimization},
	author       = {Snow, Derek},
	year         = 2020,
	journal      = {The Journal of Financial Data Science},
	publisher    = {Institutional Investor Journals Umbrella},
	volume       = 2,
	number       = 2,
	pages        = {17--24}
}
@inproceedings{kim2020portfolio,
	title        = {Portfolio Optimization with 2D Relative-Attentional Gated Transformer},
	author       = {Kim, Tae Wan and Khushi, Matloob},
	year         = 2020,
	booktitle    = {2020 IEEE Asia-Pacific Conference on Computer Science and Data Engineering (CSDE)},
	pages        = {1--6},
	organization = {IEEE}
}
@article{weijs2018reinforcement,
	title        = {Reinforcement learning in Portfolio Management and its interpretation},
	author       = {Weijs, Laurens},
	year         = 2018,
	journal      = {Erasmus Universiteit Rotterdam}
}
@book{campbell2002strategic,
	title        = {Strategic asset allocation: portfolio choice for long-term investors},
	author       = {Campbell, John Y and Viceira, Luis M and Viceira, Luis M and others},
	year         = 2002,
	publisher    = {Clarendon Lectures in Economic}
}
@inproceedings{residual_connections,
	title        = {Deep residual learning for image recognition},
	author       = {He, Kaiming and Zhang, Xiangyu and Ren, Shaoqing and Sun, Jian},
	year         = 2016,
	booktitle    = {Proceedings of the IEEE conference on computer vision and pattern recognition},
	pages        = {770--778}
}
@article{layer_normalization,
	title        = {Layer normalization},
	author       = {Ba, Jimmy Lei and Kiros, Jamie Ryan and Hinton, Geoffrey E},
	year         = 2016,
	journal      = {arXiv preprint arXiv:1607.06450}
}
@article{longshortterm,
	title        = {Long short-term memory},
	author       = {Hochreiter, Sepp and Schmidhuber, J{\"u}rgen},
	year         = 1997,
	journal      = {Neural computation},
	publisher    = {MIT Press},
	volume       = 9,
	number       = 8,
	pages        = {1735--1780}
}
@article{time2vec,
	title        = {Time2vec: Learning a vector representation of time},
	author       = {Kazemi, Seyed Mehran and Goel, Rishab and Eghbali, Sepehr and Ramanan, Janahan and Sahota, Jaspreet and Thakur, Sanjay and Wu, Stella and Smyth, Cathal and Poupart, Pascal and Brubaker, Marcus},
	year         = 2019,
	journal      = {arXiv preprint arXiv:1907.05321}
}
@book{goodfellow2016deep,
	title        = {Deep learning},
	author       = {Goodfellow, Ian and Bengio, Yoshua and Courville, Aaron},
	year         = 2016,
	publisher    = {MIT press}
}
@article{chung2014empirical,
	title        = {Empirical evaluation of gated recurrent neural networks on sequence modeling},
	author       = {Chung, Junyoung and Gulcehre, Caglar and Cho, KyungHyun and Bengio, Yoshua},
	year         = 2014,
	journal      = {arXiv preprint arXiv:1412.3555}
}
@inproceedings{jozefowicz2015empirical,
	title        = {An empirical exploration of recurrent network architectures},
	author       = {Jozefowicz, Rafal and Zaremba, Wojciech and Sutskever, Ilya},
	year         = 2015,
	booktitle    = {International conference on machine learning},
	pages        = {2342--2350},
	organization = {PMLR}
}
@article{le2015simple,
	title        = {A simple way to initialize recurrent networks of rectified linear units},
	author       = {Le, Quoc V and Jaitly, Navdeep and Hinton, Geoffrey E},
	year         = 2015,
	journal      = {arXiv preprint arXiv:1504.00941}
}
@article{rumelhart1986learning,
	title        = {Learning representations by back-propagating errors},
	author       = {Rumelhart, David E and Hinton, Geoffrey E and Williams, Ronald J},
	year         = 1986,
	journal      = {nature},
	publisher    = {Nature Publishing Group},
	volume       = 323,
	number       = 6088,
	pages        = {533--536}
}
@article{bidirectional_lstm,
	title        = {Framewise phoneme classification with bidirectional LSTM and other neural network architectures},
	author       = {Graves, Alex and Schmidhuber, J{\"u}rgen},
	year         = 2005,
	journal      = {Neural networks},
	publisher    = {Elsevier},
	volume       = 18,
	number       = {5-6},
	pages        = {602--610}
}
@article{modelcapacity,
	title        = {Reconciling modern machine-learning practice and the classical bias--variance trade-off},
	author       = {Belkin, Mikhail and Hsu, Daniel and Ma, Siyuan and Mandal, Soumik},
	year         = 2019,
	journal      = {Proceedings of the National Academy of Sciences},
	publisher    = {National Acad Sciences},
	volume       = 116,
	number       = 32,
	pages        = {15849--15854}
}
@article{bias_variance,
	title        = {Neural Networks and the Bias/Variance Dilemma},
	author       = {Geman, Stuart and Bienenstock, Elie and Doursat, René},
	year         = 1992,
	month        = {01},
	journal      = {Neural Computation},
	volume       = 4,
	pages        = {1--58},
	doi          = {10.1162/neco.1992.4.1.1}
}
@article{adam_optimizer,
	title        = {Adam: A method for stochastic optimization},
	author       = {Kingma, Diederik P and Ba, Jimmy},
	year         = 2014,
	journal      = {arXiv preprint arXiv:1412.6980}
}
@inbook{macd,
	title        = {Technical analysis: power tools for active investors},
	author       = {Appel, Gerald},
	year         = 2005,
	publisher    = {FT Press},
	pages        = 166
}
@misc{bollinger,
	title        = {Bollinger on Bollinger Bands},
	author       = {John, Bollinger},
	year         = 2002,
	publisher    = {McGraw Hill}
}
@article{kempen2016fibonaccis,
	title        = {Fibonaccis are human (made)},
	author       = {Kempen, Ren{\'e}},
	year         = 2016,
	journal      = {IFTA J},
	pages        = {4--9}
}
@book{ichimoku,
	title        = {Trading with Ichimoku clouds: the essential guide to Ichimoku Kinko Hyo technical analysis},
	author       = {Patel, Manesh},
	year         = 2010,
	publisher    = {John Wiley \& Sons},
	volume       = 473
}
